@misc{A, 
author={Jason Brownlee}, 
howpublished={\href{https://machinelearningmastery.com/k-fold-cross-validation/}{A Gentle Introduction to k-fold Cross-Validation}},
year={2018}}

@misc{B, 
author={Krishni}, 
howpublished={\href{https://medium.datadriveninvestor.com/k-fold-cross-validation-6b8518070833}{K-Fold Cross Validation}},
year={2018}}}

@misc{C, 
author={Jason Brownlee},
howpublished={\href{https://medium.datadriveninvestor.com/k-fold-cross-validation-6b8518070833}{A Gentle Introduction to Dropout for Regularizing Deep Neural Networks}},
year={2018}}

@misc{D, 
author={Hafidz Zulkifli},
howpublished={\href{https://towardsdatascience.com/understanding-learning-rates-and-how-it-improves-performance-in-deep-learning-d0d4059c1c10}{Understanding Learning Rates and How It Improves Performance in Deep Learning}},
year={2018}}

@misc{E, 
author={Jason Brownlee},
howpublished={\href{https://machinelearningmastery.com/dropout-regularization-deep-learning-models-keras/}{Dropout Regularization in Deep Learning Models With Keras}},
year={2016}}

@misc{F, 
author={Anil Matcha },
howpublished={\href{https://nanonets.com/blog/handwritten-character-recognition/}{How to easily do Handwriting Recognition using Deep Learning}},
year={2021}}

@misc{G, 
author={Wikipedia},
howpublished={\href{https://en.wikipedia.org/wiki/Convolutional_neural_network}{Convolutional neural network}},
}

@misc{H, 
author={Akshay Chandra},
howpublished={\href{https://medium.datadriveninvestor.com/k-fold-cross-validation-6b8518070833}{Tutorial: Alphabet Recognition Through Gestures â€” A Deep Learning and OpenCV Application}},
year={2018}}

@misc{I, 
author={Gidi Shperber},
howpublished={\href{https://towardsdatascience.com/a-gentle-introduction-to-ocr-ee1469a201aa}{A gentle introduction to OCR}},
year={2018}}

@misc{J, 
author={Jason Brownlee},
howpublished={\href{https://machinelearningmastery.com/train-final-machine-learning-model/}{How to Train a Final Machine Learning Model}},
year={2017}}

@misc{K, 
author={Iryna Sydorenko},
howpublished={\href{https://labelyourdata.com/articles/ocr-with-deep-learning/}{OCR with Deep Learning: The Curious Machine Learning Case}},
year={2021}}

@misc{L, 
author={Jason Brownlee},
howpublished={\href{https://machinelearningmastery.com/rectified-linear-activation-function-for-deep-learning-neural-networks/}{A Gentle Introduction to the Rectified Linear Unit (ReLU)}},
year={2020}}

@misc{M, 
author={Sakshi Shreya and Yash Upadhyay and Mohit Manchanda and Rubeena Vohra and Gagan Singh},
howpublished={\href{https://ieeexplore.ieee.org/document/8991268}{Optical Character Recognition using Convolutional Neural Network}},
year={2019}}

@misc{N, 
author={Gilad Maayan},
howpublished={\href{https://medium.datadriveninvestor.com/k-fold-cross-validation-6b8518070833}{Optical Character Recognition Using Deep Learning Techniques}},
year={2020}}

@misc{O, 
author={Jason Brownlee},
howpublished={\href{https://machinelearningmastery.com/choose-an-activation-function-for-deep-learning/}{How to Choose an Activation Function for Deep Learning}},
year={2021}}

@misc{P, 
author={Hafidz Zulkifli},
howpublished={\href{https://towardsdatascience.com/understanding-learning-rates-and-how-it-improves-performance-in-deep-learning-d0d4059c1c10}{Understanding Learning Rates and How It Improves Performance in Deep Learning}},
year={2018}}

@misc{Q, 
author={ML Glossary},
howpublished={\href{https://ml-cheatsheet.readthedocs.io/en/latest/loss_functions.html}{Loss Functions}}
}

@misc{R, 
author={Jason Brownlee},
howpublished={\href{https://machinelearningmastery.com/adam-optimization-algorithm-for-deep-learning/}{Gentle Introduction to the Adam Optimization Algorithm for Deep Learning}},
year={2017}}

@misc{S,
author={Maharshi},
howpublished={\href{https://www.kaggle.com/icrybaby/character-classification-neural-network}{character classification - neural network}},
year={2021}}

@misc{T, 
author={Keras},
howpublished={\href{https://keras.io/api/}{Keras API reference}},
}